@online{ai-wikipedia,
  author={Wikipedia},
  title={Künstliche Intelligenz},
  url={https://de.wikipedia.org/wiki/K%C3%BCnstliche_Intelligenz},
  urldate={2023-04-20},
  year={2023}
}

@online{ai-zdf,
  author={zdf},
  title={KI-Regeln-Gesetz},
  url={https://www.zdf.de/nachrichten/politik/ki-regeln-gesetz-ai-act-eu-ethik-experten-100.html},
  urldate={2024-05-31},
  year={2024}
}

@online{ai-genius-community,
  author={genius-community},
  title={WIE FUNKTIONIERT DIE KÜNSTLICHE INTELLIGENZ?},
  url={https://www.genius-community.com/allgemein/wie-funktioniert-eigentlich-kuenstliche-intelligenz-7867/},
  urldate={2024-05-24},
  year={2024}
}

@online{ai-innoq,
  author={innoq},
  title={Ethik und Künstliche Intelligenz},
  url={https://www.innoq.com/de/articles/2022/01/ethik-und-kuenstliche-intelligenz/},
  urldate={2024-05-31},
  year={2024}
}

@online{ai-swissinfo,
  author={swissinfo},
  title={Künstliche Intelligenz, die Maschine und die Moral},
  url={https://www.swissinfo.ch/ger/wissenschaft/kuenstliche-intelligenz_die-maschine-und-die-moral/46186260},
  urldate={2024-05-31},
  year={2024}
}

@online{ai-wfb-bremen,
  author={wfb-bremen},
  title={Digitalisierung und KI},
  url={https://www.wfb-bremen.de/de/page/stories/digitalisierung-industrie40/was-ist-kuenstliche-intelligenz-definition-ki#:~:text=Die%20KI%2C%20einfach%20erkl%C3%A4rt%2C%20ist,finden%20und%20selbstst%C3%A4ndig%20Probleme%20l%C3%B6sen},
  urldate={2024-05-31},
  year={2024}
}

@online{ai-produktion,
  author={produktion},
  title={Künstliche Intelligenz},
  url={https://www.produktion.de/technik/zukunftstechnologien/kuenstliche-intelligenz/kuenstliche-intelligenz-verstaendlich-erklaert-243.html#wie-funktioniert-kuenstliche-intelligenz},
  urldate={2024-05-31},
  year={2024}
}

@online{ai-tagesschau,
  author={tagesschau},
  title={Künstliche Intelligenz},
  url={https://www.tagesschau.de/wissen/forschung/berufe-kuenstliche-intelligenz-100.html},
  urldate={2024-05-31},
  year={2024}
}